@inproceedings{FaymonvilleFST16,
  author    = {Peter Faymonville and
               Bernd Finkbeiner and
               Sebastian Schirmer and
               Hazem Torfah},
  title     = {A Stream-Based Specification Language for Network Monitoring},
  booktitle = {{RV} 2016},
  pages     = {152--168},
  year      = {2016},
  editor    = {Yli{\`{e}}s Falcone and
               C{\'{e}}sar S{\'{a}}nchez},
  series    = {LNCS},
  volume    = {10012},
  publisher = {Springer}
}

@inproceedings{DeutschSVZ06,
    author    = {Alin Deutsch and
    Liying Sui and
    Victor Vianu and
    Dayou Zhou},
    title     = {Verification of communicating data-driven web services},
    booktitle = {PODS 2006},
    pages     = {90--99},
    year      = {2006},
    editor    = {Stijn Vansummeren},
    publisher = {{ACM}}
}

@article{Chomicki95,
    author    = {Jan Chomicki},
    title     = {Efficient Checking of Temporal Integrity Constraints Using Bounded
    History Encoding},
    journal   = {{ACM} Trans. Database Syst.},
    volume    = {20},
    number    = {2},
    pages     = {149--186},
    year      = {1995}
}

@incollection{Emerson90,
    author    = {E. Allen Emerson},
    title     = {Temporal and Modal Logic},
    booktitle = {Handbook of Theoretical Computer Science, Volume {B:} Formal Models
    and Sematics {(B)}},
    pages     = {995--1072},
    year      = {1990}
}

@article{BasinKMZ15,
    author    = {David A. Basin and
    Felix Klaedtke and
    Samuel M{\"{u}}ller and
    Eugen Zalinescu},
    title     = {Monitoring Metric First-Order Temporal Properties},
    journal   = {J. {ACM}},
    volume    = {62},
    number    = {2},
    pages     = {15:1--15:45},
    year      = {2015}
}

@article{BauerKV15,
    author    = {Andreas Bauer and
    Jan{-}Christoph K{\"{u}}ster and
    Gil Vegliach},
    title     = {The ins and outs of first-order runtime verification},
    journal   = {Formal Methods in System Design},
    volume    = {46},
    number    = {3},
    pages     = {286--316},
    year      = {2015}
}

@inproceedings{HalleV08,
    author    = {Sylvain Hall{\'{e}} and
    Roger Villemaire},
    title     = {Runtime Monitoring of Message-Based Workflows with Data},
    booktitle = {{ECOC} 2008},
    pages     = {63--72},
    year      = {2008},
    publisher = {{IEEE} Computer Society}
}

@inproceedings{BasinKZ17,
    author    = {David A. Basin and
    Felix Klaedtke and
    Eugen Zalinescu},
    title     = {Runtime Verification of Temporal Properties over Out-of-Order Data
    Streams},
    booktitle = {{CAV}
    2017},
    pages     = {356--376},
    year      = {2017},
    editor    = {Rupak Majumdar and
    Viktor Kuncak},
    series    = {LNCS},
    volume    = {10426},
    publisher = {Springer}
}

@article{Stolz10,
    author    = {Volker Stolz},
    title     = {Temporal Assertions with Parametrized Propositions},
    journal   = {J. Log. Comput.},
    volume    = {20},
    number    = {3},
    pages     = {743--757},
    year      = {2010}
}

@inproceedings{RegerR15,
    author    = {Giles Reger and
    David E. Rydeheard},
    title     = {From First-order Temporal Logic to Parametric Trace Slicing},
    booktitle = {{RV} 2015},
    pages     = {216--232},
    year      = {2015},
    editor    = {Ezio Bartocci and
    Rupak Majumdar},
    series    = {LNCS},
    volume    = {9333},
    publisher = {Springer}
}

@inproceedings{BarringerFHRR12,
    author    = {Howard Barringer and
    Yli{\`{e}}s Falcone and
    Klaus Havelund and
    Giles Reger and
    David E. Rydeheard},
    title     = {Quantified Event Automata: Towards Expressive and Efficient Runtime
    Monitors},
    booktitle = {{FM} 2012},
    pages     = {68--84},
    year      = {2012},
    editor    = {Dimitra Giannakopoulou and
    Dominique M{\'{e}}ry},
    series    = {LNCS},
    volume    = {7436},
    publisher = {Springer}
}

@inproceedings{MedhatBFJ16,
    author    = {Ramy Medhat and
    Borzoo Bonakdarpour and
    Sebastian Fischmeister and
    Yogi Joshi},
    title     = {Accelerated Runtime Verification of {LTL} Specifications with Counting
    Semantics},
    booktitle = {{RV} 2016},
    pages     = {251--267},
    year      = {2016},
    editor    = {Yli{\`{e}}s Falcone and
    C{\'{e}}sar S{\'{a}}nchez},
    series    = {LNCS},
    volume    = {10012},
    publisher = {Springer}
}

@inproceedings{ChenR09,
    author    = {Feng Chen and
    Grigore Rosu},
    title     = {Parametric Trace Slicing and Monitoring},
    booktitle = {{TACAS} 2009},
    pages     = {246--261},
    year      = {2009},
    editor    = {Stefan Kowalewski and
    Anna Philippou},
    series    = {LNCS},
    volume    = {5505},
    publisher = {Springer}
}

@article{AlurH94,
    author    = {Rajeev Alur and
    Thomas A. Henzinger},
    title     = {A Really Temporal Logic},
    journal   = {J. {ACM}},
    volume    = {41},
    number    = {1},
    pages     = {181--204},
    year      = {1994}
}

@article{MeredithJGCR12,
    author    = {Patrick O'Neil Meredith and
    Dongyun Jin and
    Dennis Griffith and
    Feng Chen and
    Grigore Rosu},
    title     = {An overview of the {MOP} runtime verification framework},
    journal   = {{STTT}},
    volume    = {14},
    number    = {3},
    pages     = {249--289},
    year      = {2012}
}

@inproceedings{BauerGT09,
    author    = {Andreas Bauer and
    Rajeev Gor{\'{e}} and
    Alwen Tiu},
    title     = {A First-Order Policy Language for History-Based Transaction Monitoring},
    booktitle = {{ICTAC} 2009},
    pages     = {96--111},
    year      = {2009},
    editor    = {Martin Leucker and
    Carroll Morgan},
    series    = {LNCS},
    volume    = {5684},
    publisher = {Springer},
    year      = {2009}
}

@article{BasinKMZ15,
    author    = {David A. Basin and
    Felix Klaedtke and
    Srdjan Marinovic and
    Eugen Zalinescu},
    title     = {Monitoring of temporal first-order properties with aggregations},
    journal   = {Formal Methods in System Design},
    volume    = {46},
    number    = {3},
    pages     = {262--285},
    year      = {2015}
}
